@ARTICLE {fourier.1822,
    author  = "Jean-Baptiste Joseph Fourier",
    title   = "Théorie analytique de la chaleur",
    journal = "Paris : F. Didot",
    year    = "1822"
}

@article{de2014using,
  title={Using general-purpose computing on graphics processing units (GPGPU) to accelerate the ordinary kriging algorithm},
  author={De Rav{\'e}, E Guti{\'e}rrez and Jim{\'e}nez-Hornero, Francisco J and Ariza-Villaverde, Ana B and G{\'o}mez-L{\'o}pez, JM},
  journal={Computers \& Geosciences},
  volume={64},
  pages={1--6},
  year={2014},
  publisher={Elsevier}
}

@article{hunger2015spectral,
  title={Spectral turning bands for efficient Gaussian random fields generation on GPUs and accelerators},
  author={Hunger, Lars and Cosenza, Biagio and Kimeswenger, Stefan and Fahringer, Thomas},
  journal={Concurrency and Computation: Practice and Experience},
  volume={27},
  number={16},
  pages={4122--4136},
  year={2015},
  publisher={Wiley Online Library}
}


@article{wirth1995plea,
  title={A plea for lean software},
  author={Wirth, Niklaus},
  journal={Computer},
  volume={28},
  number={2},
  pages={64--68},
  year={1995},
  publisher={IEEE}
}

@article{albrecht2009pitfalls,
  title={Pitfalls of object oriented programming},
  author={Albrecht, Tony},
  journal={Proceedings of Game Connect: Asia Pacific (GCAP)},
  year={2009}
}

@article{stonebraker1986case,
  title={The case for shared nothing},
  author={Stonebraker, Michael},
  journal={IEEE Database Eng. Bull.},
  volume={9},
  number={1},
  pages={4--9},
  year={1986},
  publisher={Citeseer}
}

@BOOK {fourier.book,
    author    = "B. Boashash",
    title     = "Time-Frequency Signal Analysis and Processing: A Comprehensive Reference",
    publisher = "Oxford: Elsevier Science",
    year      = "2003"
}

@ARTICLE {fft.paper,
    author  = "James W. Cooley and John W. Tukey",
    title   = "An algorithm for the machine calculation of complex Fourier series",
    journal = "Math. Comp.",
    year    = "1965",
    volume  = "19",
    pages   = "297-301"
}

@article{johnson2008implementing,
  title={Implementing FFTs in practice},
  author={Johnson, Steven G and Frigo, Matteo},
  journal={Fast Fourier Transforms},
  year={2008},
  publisher={Rice University, Houston TX: Connexions}
}

@article{heideman1985gauss,
  title={Gauss and the history of the fast Fourier transform},
  author={Heideman, Michael T and Johnson, Don H and Burrus, C Sidney},
  journal={Archive for history of exact sciences},
  volume={34},
  number={3},
  pages={265--277},
  year={1985},
  publisher={Springer}
}

@article{gauss1866nachlass,
  title={Nachlass: Theoria interpolationis methodo nova tractata},
  author={Gauss, Carl Friedrich},
  journal={Carl Friedrich Gauss Werke},
  volume={3},
  pages={265--327},
  year={1866}
}

@article{pyrcz2006semivariogram,
  title={Semivariogram models based on geometric offsets},
  author={Pyrcz, Michael J and Deutsch, Clayton V},
  journal={Mathematical geology},
  volume={38},
  number={4},
  pages={475--488},
  year={2006},
  publisher={Springer}
}

@article{higham2002computing,
  title={Computing the nearest correlation matrix—a problem from finance},
  author={Higham, Nicholas J},
  journal={IMA journal of Numerical Analysis},
  volume={22},
  number={3},
  pages={329--343},
  year={2002},
  publisher={Oxford University Press}
}

@article{matheron1973intrinsic,
  title={The intrinsic random functions and their applications},
  author={Matheron, Georges},
  journal={Advances in applied probability},
  pages={439--468},
  year={1973},
  publisher={JSTOR}
}

@article{zagayevskiy2016multivariate,
  title={Multivariate Geostatistical Grid-Free Simulation of Natural Phenomena},
  author={Zagayevskiy, Yevgeniy and Deutsch, Clayton V},
  journal={Mathematical Geosciences},
  volume={48},
  number={8},
  pages={891--920},
  year={2016},
  publisher={Springer}
}

@article{mantoglou1982turning,
  title={The turning bands method for simulation of random fields using line generation by a spectral method},
  author={Mantoglou, Aristotelis and Wilson, John L},
  journal={Water Resources Research},
  volume={18},
  number={5},
  pages={1379--1394},
  year={1982},
  publisher={Wiley Online Library}
}

@article{dietrich1995efficient,
  title={Efficient generation of conditional simulations by chebyshev matrix polynomial approximations to the symmetric square root of the covariance matrix},
  author={Dietrich, Claude R and Newsam, Garry N},
  journal={Mathematical geology},
  volume={27},
  number={2},
  pages={207--228},
  year={1995},
  publisher={Springer}
}


@book{journel1978mining,
  title={Mining geostatistics},
  author={Journel, Andre G and Huijbregts, Ch J},
  year={1978},
  publisher={Academic press}
}

@incollection{freulon1994conditional,
  title={Conditional simulation of a gaussian random vector with non linear and/or noisy observations},
  author={Freulon, Xavier},
  booktitle={Geostatistical Simulations},
  pages={57--71},
  year={1994},
  publisher={Springer}
}



@article{qi2006quadratically,
  title={A quadratically convergent Newton method for computing the nearest correlation matrix},
  author={Qi, Houduo and Sun, Defeng},
  journal={SIAM journal on matrix analysis and applications},
  volume={28},
  number={2},
  pages={360--385},
  year={2006},
  publisher={SIAM}
}

@article{mishra2004optimal,
  title={Optimal solution of the nearest correlation matrix problem by minimization of the maximum norm},
  author={Mishra, Sudhanshu K},
  journal={Available at SSRN 573241},
  year={2004}
}

@article{mishra2007nearest,
  title={The nearest correlation matrix problem: Solution by differential evolution method of global optimization},
  author={Mishra, Sudhanshu K},
  journal={Available at SSRN 980403},
  year={2007}
}

@article{hoffbeck1996covariance,
  title={Covariance matrix estimation and classification with limited training data},
  author={Hoffbeck, Joseph P and Landgrebe, David A},
  journal={IEEE Transactions on Pattern Analysis and Machine Intelligence},
  volume={18},
  number={7},
  pages={763--767},
  year={1996}
}

@article{storn1997differential,
  title={Differential evolution--a simple and efficient heuristic for global optimization over continuous spaces},
  author={Storn, Rainer and Price, Kenneth},
  journal={Journal of global optimization},
  volume={11},
  number={4},
  pages={341--359},
  year={1997},
  publisher={Springer}
}

@article{xiong2007robust,
  title={Robust extraction of spatial correlation},
  author={Xiong, Jinjun and Zolotov, Vladimir and He, Lei},
  journal={IEEE Transactions on Computer-Aided Design of Integrated Circuits and Systems},
  volume={26},
  number={4},
  pages={619--631},
  year={2007},
  publisher={IEEE}
}

@article{yin2013alternative,
  title={Alternative gradient algorithms for computing the nearest correlation matrix},
  author={Yin, Jun-Feng and Zhang, Yu},
  journal={Applied Mathematics and Computation},
  volume={219},
  number={14},
  pages={7591--7599},
  year={2013},
  publisher={Elsevier}
}

@article{dmitruk2001scalable,
  title={Scalable parallel FFT for spectral simulations on a Beowulf cluster},
  author={Dmitruk, P and Wang, L-P and Matthaeus, WH and Zhang, R and Seckel, D},
  journal={Parallel Computing},
  volume={27},
  number={14},
  pages={1921--1936},
  year={2001},
  publisher={Elsevier}
}

@inproceedings{takahashi2005hybrid,
  title={A hybrid MPI/OpenMP implementation of a parallel 3-D FFT on SMP clusters},
  author={Takahashi, Daisuke},
  booktitle={International Conference on Parallel Processing and Applied Mathematics},
  pages={970--977},
  year={2005},
  organization={Springer}
}

@book{bertsekas1999nonlinear,
  title={Nonlinear programming},
  author={Bertsekas, Dimitri P},
  year={1999},
  publisher={Athena scientific Belmont}
}

@inproceedings{chen2010large,
  title={Large-scale FFT on GPU clusters},
  author={Chen, Yifeng and Cui, Xiang and Mei, Hong},
  booktitle={Proceedings of the 24th ACM International Conference on Supercomputing},
  pages={315--324},
  year={2010},
  organization={ACM}
}

@article{deutsch1998geostatistical,
  title={Geostatistical software library and user’s guide},
  author={Deutsch, Clayton V and Journel, AG },
  journal={Oxford University Press, New York},
  year={1998}

@inproceedings{moreland2003fft,
  title={The FFT on a GPU},
  author={Moreland, Kenneth and Angel, Edward},
  booktitle={Proceedings of the ACM SIGGRAPH/EUROGRAPHICS conference on Graphics hardware},
  pages={112--119},
  year={2003},
  organization={Eurographics Association}
}}


@article{larrondo2003varfit,
  title={VARFIT: A program for semi-automatic variogram modeling},
  author={Larrondo, Paula F and Neufeld, Chad T and Deutsch, Clayton V},
  journal={Fifth Annual Report of the Centre for Computational Geostatistics, University of Alberta, Edmonton},
  year={2003}
}

@book{yao1998automatic,
  title={Automatic covariance modeling and conditional spectral simulation with Fast Fourier Transform},
  author={Yao, Tingting},
  year={1998}
}


@ARTICLE {cov.paper,
    author  = "Tingting Yao  and Andre G. Journel",
    title   = "Automatic Modeling of (Cross) Covariance Tables Using Fast Fourier Transform",
    journal = "Mathematical Geology",
    year    = "1998",
    volume  = "30",
    number  = "6",
    pages   = "589-615"
}

@ARTICLE {fim.paper,
    author  = "Tingting Yao",
    title   = "Conditional Spectral Simulation with Phase Identification",
    journal = "Mathematical Geology",
    year    = "1998",
    volume  = "30",
    number  = "3",
    pages   = "285-308"
}

@article{bochner1939additive,
  title={Additive set functions on groups},
  author={Bochner, S},
  journal={Annals of Mathematics},
  pages={769--799},
  year={1939},
  publisher={JSTOR}
}

@article{rader1968discrete,
  title={Discrete Fourier transforms when the number of data samples is prime},
  author={Rader, Charles M},
  journal={Proceedings of the IEEE},
  volume={56},
  number={6},
  pages={1107--1108},
  year={1968},
  publisher={IEEE}
}

@article{winograd1978computing,
  title={On computing the discrete Fourier transform},
  author={Winograd, Shmuel},
  journal={Mathematics of computation},
  volume={32},
  number={141},
  pages={175--199},
  year={1978}
}

@article{yao1998automatic,
  title={Automatic modeling of (cross) covariance tables using fast Fourier transform},
  author={Yao, Tingting and Journel, Andre G},
  journal={Mathematical Geology},
  volume={30},
  number={6},
  pages={589--615},
  year={1998},
  publisher={Springer}
}

@article{fast.var.paper,
  title={Fast variogram computation with FFT},
  author={Marcotte, Denis},
  journal={Computers \& Geosciences},
  volume={22},
  number={10},
  pages={1175--1186},
  year={1996},
  publisher={Elsevier}
}

@ARTICLE {fftw.paper,
    author  = "Frigo, Matteo Johnson, Steven~G.",
    title   = "{FFTW}: An adaptive software architecture for the {FFT}",
    journal = "Proc. 1998 IEEE Intl. Conf. Acoustics Speech and Signal Processing",
    year    = "1998"
}

@article{jeong2013performance,
  title={Performance of Kepler GTX Titan GPUs and Xeon Phi System},
  author={Jeong, Hwancheol and Lee, Weonjong and Pak, Jeonghwan and Choi, Kwang-jong and Park, Sang-Hyun and Yoo, Jun-sik and Kim, Joo Hwan and Lee, Joungjin and Lee, Young Woo},
  journal={arXiv preprint arXiv:1311.0590},
  year={2013}
}


@article{nunes2010parallelization,
  title={Parallelization of sequential Gaussian, indicator and direct simulation algorithms},
  author={Nunes, Ruben and Almeida, Jos{\'e} A},
  journal={Computers \& Geosciences},
  volume={36},
  number={8},
  pages={1042--1052},
  year={2010},
  publisher={Elsevier}
}


@article{george2005distributed,
  title={Distributed systems: Concepts and design},
  author={George, Coulouris and Jean, Dollimore and Tim, Kindberg},
  journal={Addison-Wesley},
  volume={2},
  pages={410},
  year={2005}
}


@book{goovaerts1997geostatistics,
  title={Geostatistics for natural resources evaluation},
  author={Goovaerts, Pierre},
  year={1997},
  publisher={Oxford University Press on Demand}
}


@book{remy2009applied,
  title={Applied geostatistics with SGeMS: A user's guide},
  author={Remy, Nicolas and Boucher, Alexandre and Wu, Jianbing},
  year={2009},
  publisher={Cambridge University Press}
}


@article{pardo1993fourier,
  title={The Fourier integral method: an efficient spectral method for simulation of random fields},
  author={Pardo-Iguzquiza, E and Chica-Olmo, M},
  journal={Mathematical Geology},
  volume={25},
  number={2},
  pages={177--217},
  year={1993},
  publisher={Springer}
}


@article{emery2006tbsim,
  title={Tbsim: A computer program for conditional simulation of three-dimensional gaussian random fields via the turning bands method},
  author={Emery, Xavier and Lantu{\'e}joul, Christian},
  journal={Computers \& Geosciences},
  volume={32},
  number={10},
  pages={1615--1628},
  year={2006},
  publisher={Elsevier}
}



@inproceedings{vargas2007parallelization,
  title={Parallelization of sequential simulation procedures},
  author={Vargas, HS and Caetano, H and Filipe, M},
  booktitle={EAGE Conference on Petroleum Geostatistics},
  year={2007}
}


@article{mariethoz2010general,
  title={A general parallelization strategy for random path based geostatistical simulation methods},
  author={Mariethoz, Gr{\'e}goire},
  journal={Computers \& Geosciences},
  volume={36},
  number={7},
  pages={953--958},
  year={2010},
  publisher={Elsevier}
}

@book{lemons2002introduction,
  title={An introduction to stochastic processes in physics},
  author={Lemons, Don S and Langevin, Paul},
  year={2002},
  publisher={JHU Press}
}


@article{rasera2015conflict,
  title={A conflict-free, path-level parallelization approach for sequential simulation algorithms},
  author={Rasera, Luiz Gustavo and Machado, P{\'e}ricles Lopes and Costa, Jo{\~a}o Felipe CL},
  journal={Computers \& Geosciences},
  volume={80},
  pages={49--61},
  year={2015},
  publisher={Elsevier}
}

@book{wilkinson1999parallel,
  title={Parallel programming},
  author={Wilkinson, Barry and Allen, Michael},
  volume={999},
  year={1999},
  publisher={Prentice hall New Jersey}
}

@article{dagum1998openmp,
  title={OpenMP: an industry standard API for shared-memory programming},
  author={Dagum, Leonardo and Menon, Ramesh},
  journal={IEEE computational science and engineering},
  volume={5},
  number={1},
  pages={46--55},
  year={1998},
  publisher={IEEE}
}



@book{masse2011rest,
  title={REST API design rulebook},
  author={Masse, Mark},
  year={2011},
  publisher={" O'Reilly Media, Inc."}
}


@book{van2011python,
  title={The python language reference manual},
  author={Van Rossum, Guido and Drake, Fred L},
  year={2011},
  publisher={Network Theory Ltd.}
}


@book{svennerberg2010beginning,
  title={Beginning Google Maps API 3},
  author={Svennerberg, Gabriel},
  year={2010},
  publisher={Apress}
}



@inproceedings{malcolm2012arrayfire,
  title={ArrayFire: a GPU acceleration platform},
  author={Malcolm, James and Yalamanchili, Pavan and McClanahan, Chris and Venugopalakrishnan, Vishwanath and Patel, Krunal and Melonakos, John},
  booktitle={SPIE Defense, Security, and Sensing},
  pages={84030A--84030A},
  year={2012},
  organization={International Society for Optics and Photonics}
}


@inproceedings{frigo1998fftw,
  title={FFTW: An adaptive software architecture for the FFT},
  author={Frigo, Matteo and Johnson, Steven G},
  booktitle={Acoustics, Speech and Signal Processing, 1998. Proceedings of the 1998 IEEE International Conference on},
  volume={3},
  pages={1381--1384},
  year={1998},
  organization={IEEE}
}


@article{tahmasebi2012accelerating,
  title={Accelerating geostatistical simulations using graphics processing units (GPU)},
  author={Tahmasebi, Pejman and Sahimi, Muhammad and Mariethoz, Gr{\'e}Goire and Hezarkhani, Ardeshir},
  journal={Computers \& Geosciences},
  volume={46},
  pages={51--59},
  year={2012},
  publisher={Elsevier}
}


@article{mariethoz2010general,
  title={A general parallelization strategy for random path based geostatistical simulation methods},
  author={Mariethoz, Gr{\'e}goire},
  journal={Computers \& Geosciences},
  volume={36},
  number={7},
  pages={953--958},
  year={2010},
  publisher={Elsevier}
}

@article{peredo2011parallel,
  title={Parallel implementation of simulated annealing to reproduce multiple-point statistics},
  author={Peredo, Oscar and Ortiz, Juli{\'a}n M},
  journal={Computers \& geosciences},
  volume={37},
  number={8},
  pages={1110--1121},
  year={2011},
  publisher={Elsevier}
}

@article{soares2001direct,
  title={Direct sequential simulation and cosimulation},
  author={Soares, Amilcar},
  journal={Mathematical Geology},
  volume={33},
  number={8},
  pages={911--926},
  year={2001},
  publisher={Springer}
}

@incollection{isaaks1984indicator,
  title={Indicator simulation: application to the simulation of a high grade uranium mineralization},
  author={Isaaks, Edward H},
  booktitle={Geostatistics for natural resources characterization. Part 1},
  year={1984}
}

@article{mariethoz2010direct,
  title={The Direct Sampling method to perform multiple-point geostatistical simulations},
  author={Mariethoz, Gregoire and Renard, Philippe and Straubhaar, Julien},
  journal={Water Resources Research},
  volume={46},
  number={11},
  year={2010},
  publisher={Wiley Online Library}
}

@article{straubhaar2011improved,
  title={An improved parallel multiple-point algorithm using a list approach},
  author={Straubhaar, Julien and Renard, Philippe and Mariethoz, Gr{\'e}goire and Froidevaux, Roland and Besson, Olivier},
  journal={Mathematical Geosciences},
  volume={43},
  number={3},
  pages={305--328},
  year={2011},
  publisher={Springer}
}

@article{strebelle2002conditional,
  title={Conditional simulation of complex geological structures using multiple-point statistics},
  author={Strebelle, Sebastien},
  journal={Mathematical Geology},
  volume={34},
  number={1},
  pages={1--21},
  year={2002},
  publisher={Springer}
}

@article{tilkov2010node,
  title={Node. js: Using JavaScript to build high-performance network programs},
  author={Tilkov, Stefan and Vinoski, Steve},
  journal={IEEE Internet Computing},
  volume={14},
  number={6},
  pages={80},
  year={2010},
  publisher={IEEE Computer Society}
}


@misc{dreyband2001descriptive,
  title={Descriptive data construct mapping method and apparatus},
  author={Dreyband, Jacob and Nilva, Leonid and Shapiro, Michael},
  year={2001},
  month=apr # "~27",
  publisher={Google Patents},
  note={US Patent App. 09/844,993}
}


@phdthesis{isaaks1991application,
  title={The application of Monte Carlo methods to the analysis of spatially correlated data},
  author={Isaaks, Edward Harold},
  year={1991}
}

@article{alabert1989non,
  title={Non-Gaussian data expansion in the earth sciences},
  author={A.G. Journel and F. Alabert },
  journal={Terra Nova},
  volume={1},
  number={2},
  pages={123--134},
  year={1989},
  publisher={Wiley Online Library}
}

@book{lantuejoul2013geostatistical,
  title={Geostatistical simulation: models and algorithms},
  author={Lantu{\'e}joul, Christian},
  year={2013},
  publisher={Springer Science \& Business Media}
}

@article{keiner2009using,
  title={Using NFFT 3---a software library for various nonequispaced fast Fourier transforms},
  author={Keiner, Jens and Kunis, Stefan and Potts, Daniel},
  journal={ACM Transactions on Mathematical Software (TOMS)},
  volume={36},
  number={4},
  pages={19},
  year={2009},
  publisher={ACM}
}


@book{de2000analise,
  title={An{\'a}lise de Fourier e equa{\c{c}}{\~o}es diferenciais parciais},
  author={de Figueiredo, Djairo Guedes},
  year={2000},
  publisher={Instituto de Matem{\'a}tica Pura e Aplicada}
}
